@misc{autodeskFusion360,
    booktitle = {Autodesk},
    keywords = {Autodesk Fusion,CNC modelling},
    mendeley-groups = {Usability Engineering {\&} Testing/assignment 3},
    mendeley-tags = {Autodesk Fusion,CNC modelling},
    title = {{Fusion 360 - Integrierte CAD-, CAM- und CAE-Software.}},
    url = {https://www.autodesk.de/products/fusion-360/overview{\#}banner},
    urldate = {5.12.2019},
    year = {2019}
}

@misc{illustrator,
    booktitle = {Adobe},
    mendeley-groups = {Project Flying Magnet/Images},
    title = {{Illustrator}},
    url = {https://www.adobe.com/de/products/illustrator.html},
    urldate = {2018-05-05},
    year = {2018}
}

@book{Schief1997,
    author = {Schief, Rudolf},
    edition = {15.Auflage},
    isbn = {3-89308-269-7},
    mendeley-groups = {Project Flying Magnet/Text,Algorithmic Art/Theory},
    publisher = {Attempto Verlag},
    title = {{Einf{\"{u}}hrung in die Mikroprozessoren und Mikrocomputer}},
    year = {1997}
}

@book{Dembowski2014,
    author = {Dembowski, Klaus},
    edition = {1.Auflage},
    mendeley-groups = {Project Flying Magnet/Text,Algorithmic Art/Theory},
    publisher = {dpunkt.verlag},
    title = {{Mikrocontroller - Der Leitfaden f{\"{u}}r Maker}},
    year = {2014}
}

